@misc{what_is_soc_fpga,
    author      = {{Altera}},
    booktitle   = {Architecture Brief},
    title       = {{What is an SoC FPGA?}},
    year        = {2014},
}

@misc{cubesat_101,
    author      = {{NASA CubeSat Launch Initiative}},
    booktitle   = {CubeSat101},
    title       = {{Basic Concepts and Processes for First-Time CubeSat Developers}},
    year        = {2017},
}

@misc{goodstuff_kleber_quase_todos,
    author      = {{}},
    booktitle   = {},
    title       = {{}},
    year        = {},
    volume      = {},
    number      = {},
    pages       = {},
    keywords    = {},
}

@misc{freertos_guidebook,
    author      = {{Richard Barry}},
    booktitle   = {Mastering the FreeRTOSâ„¢ Real Time Kernel},
    title       = {{A Hands-On Tutorial Guide}},
    year        = {2016},
}

