@misc{nasa_software_safety_book,
    author      = {{National Aeronautics and Space Administration}},
    booktitle   = {NASA Software Safety Guidebook},
    title       = {{NASA-GB-8719.13}},
    year        = {2004},
}

@misc{esa_guidelines,
    author      = {{European Space Agency}},
    booktitle   = {Design rules for printed circuit boards},
    title       = {{ECSS-Q-ST-70-12C}},
    year        = {2014},
}

@misc{livro_nasa_gustavo,
    author      = {{National Aeronautics and Space Administration}},
    booktitle   = {NASA Systems Engineering Handbook},
    title       = {{NASA SP-2016-6105 Rev2}},
    year        = {2016},
}

@misc{requirements,
    author      = {{PARK, SOOJIN}},
    booktitle   = {Computers 2019},
    title       = {{Software Requirement Specification Based on a Gray Box for Embedded Systems: A Case Study of a Mobile Phone Camera Sensor Controller}},
    year        = {2019},
}















