@misc{gomspace,
    author      = {{GomSpace}},
    title       = {{Command and Data handling}},
    year        = {Acesso em: Dezembro de 2019},
    note        = {Disponível em: \href{gomspace.com/shop/subsystems/command-and-data-handling/default.aspx}{<gomspace.com/shop/subsystems/command-and-data-handling/default.aspx>}}
}

@misc{isis,
    author      = {{ISIS}},
    title       = {{Command and Data handling}},
    year        = {Acesso em: Dezembro de 2019},
    note        = {Disponível em: \href{www.isispace.nl/products/command-data-handling-systems/}{<www.isispace.nl/products/command-data-handling-systems/>}}
}

@misc{endurosat,
    author      = {{EnduroSat}},
    title       = {{OnBoard Computer (OBC)}},
    year        = {Acesso em: Dezembro de 2019},
    note        = {Disponível em: \href{www.endurosat.com/cubesat-store/cubesat-obc/onboard-computer-obc/}{<www.endurosat.com/cubesat-store/cubesat-obc/onboard-computer-obc/>}}
}

@misc{polysat,
    author      = {{PolySat}},
    title       = {{PolySat Research Laboratory}},
    year        = {Acesso em: Dezembro de 2019},
    note        = {Disponível em: \href{www.polysat.org/}{<www.polysat.org/>}}
}

@inproceedings{kysat,
    author      = {{SAMUEL F. H.; TYLER J. D.; JAMES E. L., Jr.}},
    booktitle   = {2009 IEEE Aerospace conference},
    title       = {{Design of Flight Software for the KySat CubeSat Bus}},
    year        = {2009},
    volume      = {},
    number      = {},
    pages       = {},
    keywords    = {Software design; Space technology;Satellite broadcasting;Space missions;Costs;Software testing;NASA;Aerospace testing;Aerospace industry;Scheduling;aerospace computing;aerospace simulation;software architecture;flight software;KySat CubeSat bus;KySat-1;picosatellite;commercial off the shelf hardware;space application;software engineering;Kentucky Space Consortium mission},
    doi         = {10.1109/AERO.2009.4839646},
    ISSN        = {1095-323X},
    month       = {April}
}

@misc{floripasat,
    author      = {{SpaceLab}},
    title       = {{FloripaSat-I Mission}},
    year        = {Acesso em: Dezembro de 2019},
    note        = {Disponível em: \href{floripasat.ufsc.br/}{<floripasat.ufsc.br/>}}
}

@misc{golds_ufsc,
    author      = {{SpaceLab}},
    title       = {{GOLDS-UFSC Mission}},
    year        = {Acesso em: Setembro de 2020},
    note        = {Disponível em: \href{golds.ufsc.br/}{<golds.ufsc.br/>}}
}

@misc{fsatobdh,
    author      = {{SpaceLab}},
    title       = {{FloripaSat core on-board computer}},
    year        = {Acesso em: Dezembro de 2019},
    note        = {Disponível em: \href{github.com/spacelab-ufsc/obdh2}{<github.com/spacelab-ufsc/obdh2>}}
}

@inproceedings{galassia,
    author      = {{ASKARI, HASSAN; NIKICIO, AJIE NAYAKA; EUGENE, EE; HIANG, GOH; SHA, LUO; CHOO, LIAW}},
    booktitle   = {},
    title       = {{Software Development for Galassia CubeSat-Design, Implementation and In-Orbit Validation}},
    year        = {2017},
    volume      = {},
    number      = {},
    pages       = {},
    keywords    = {Software design; Space technology;Satellite broadcasting;Space missions;Costs;Software testing;NASA;Aerospace testing;Aerospace industry;Scheduling;aerospace computing;aerospace simulation;software architecture;flight software;KySat CubeSat bus;KySat-1;picosatellite;commercial off the shelf hardware;space application;software engineering;Kentucky Space Consortium mission},
    doi         = {},
    ISSN        = {},
    month       = {June}
}