@misc{small_spacecraft_state_of_art,
    author      = {{National Aeronautics and Space Administration, Mission Design Division}},
    title       = {{Small Spacecraft Technology State of the Art, NASA/TP–2015–216648/REV1}},
    year        = {2015},
}

@misc{space_mission_analysis_rad_cap,
    author      = {{Wiley J. Larson; James R. Wertz}},
    booktitle   = {},
    title       = {{Space Mission Analysis and Design}},
    year        = {1999},
    volume      = {Third Edition},
}

@misc{viyas_gupta_thesis,
    author      = {{Viyas Gupta}},
    booktitle   = {},
    title       = {{Analysis of single event radiation effects and fault mechanisms in SRAM, FRAM and NAND Flash : application to the MTCube nanosatellite project.}},
    year        = {2017},
}
% Viyas Gupta. Analysis of single event radiation effects and fault mechanisms in SRAM, FRAM and
% NAND Flash : application to the MTCube nanosatellite project. Electronics. Université Montpellier,
% 2017. English. NNT : 2017MONTS087. tel-01954572

@misc{lab_exp_sdram,
    author      = {{}},
    booktitle   = {},
    title       = {{}},
    year        = {},
    volume      = {},
    number      = {},
    pages       = {},
    keywords    = {},
}
% daniel and lucas paper

@misc{static_dynamic_tests,
    author      = {{Said Hamdioui}},
    booktitle   = {},
    title       = {{Testing static and dynamic faults in random access memories}},
    year        = {2002},
    doi         = {10.1109/VTS.2002.1011170},
}

@misc{paper_Cezar,
    author      = {{C. Rigo, L. Seman, M. Berejuck, and E. Bezerra}},
    booktitle   = {IEEE LATIN AMERICA TRANSACTIONS},
    title       = {{Printed Circuit Board Design Methodology for Embedded Systems Targeting Space Applications}},
    year        = {2020},
    volume      = {18},
    number      = {2},
}

@misc{memory_tests_lucas,
    author      = {{L. Luza, D. Soderstrom, H. Puchner, R. Alía, M. Letiche, A. Bosio and L. Dilillo}},
    booktitle   = {2020 
    15th Design & Technology of Integrated Systems in Nanoscale Era (DTIS)},
    title       = {{Effects of Thermal Neutron Irradiation on a Self-Refresh DRAM}},
    year        = {2020},
    doi         = {10.1109/DTIS48698.2020.9080918},
}

@misc{rad_south_atlantic_anomaly,
    author      = {{}},
    booktitle   = {},
    title       = {{}},
    year        = {},
    volume      = {},
    number      = {},
    pages       = {},
    keywords    = {},
}

@misc{edemar_thermal,
    author      = {{}},
    booktitle   = {},
    title       = {{}},
    year        = {},
    volume      = {},
    number      = {},
    pages       = {},
    keywords    = {},
}

@misc{memory_experiment,
    author      = {{}},
    booktitle   = {},
    title       = {{}},
    year        = {},
    volume      = {},
    number      = {},
    pages       = {},
    keywords    = {},
}

@misc{caltech_rad_test,
    author      = {{}},
    booktitle   = {},
    title       = {{}},
    year        = {},
    volume      = {},
    number      = {},
    pages       = {},
    keywords    = {},
}

@misc{caltech_rad_test2,
    author      = {{}},
    booktitle   = {},
    title       = {{}},
    year        = {},
    volume      = {},
    number      = {},
    pages       = {},
    keywords    = {},
}

@misc{smartfusion2_rad_hardness,
    author      = {{}},
    booktitle   = {},
    title       = {{}},
    year        = {},
    volume      = {},
    number      = {},
    pages       = {},
    keywords    = {},
}

@misc{cubesat_use_smartfusion2,
    author      = {{}},
    booktitle   = {},
    title       = {{}},
    year        = {},
    volume      = {},
    number      = {},
    pages       = {},
    keywords    = {},
}

@misc{thesis_lucas,
    author      = {{}},
    booktitle   = {},
    title       = {{}},
    year        = {},
    volume      = {},
    number      = {},
}

@misc{lab-exp-sdram,
    author      = {{}},
    booktitle   = {},
    title       = {{}},
    year        = {},
    volume      = {},
    number      = {},
}

@misc{petersen_book,
    author      = {{}},
    booktitle   = {},
    title       = {{}},
    year        = {},
    volume      = {},
    number      = {},
} 
% PETERSEN, E. Single Event Effects in Aerospace. Hoboken, NJ,
% USA: John Wiley & Sons, Inc., 2011. 520 p.

@misc{dyer_paper,
    author      = {{}},
    booktitle   = {},
    title       = {{}},
    year        = {},
    volume      = {},
    number      = {},
}
% DYER, C. Radiation effects on spacecraft & aircraft. In: Solspa
% 2001, Proceedings of the Second Solar Cycle and Space Weather
% Euroconference. Vico Equense, IT: [s.n.], 2002. v. 477, p. 505–512.









@misc{generic,
    author      = {{}},
    booktitle   = {},
    title       = {{}},
    year        = {},
    volume      = {},
    number      = {},
    pages       = {},
    keywords    = {},
    doi         = {},
    ISSN        = {},
    month       = {}
}